%%% LoRa General 
@article{hornbuckle2010fractional,
  title   = {Fractional-N synthesized chirp generator},
  author  = {Hornbuckle, Craig A},
  journal = {United States Patent US7791415B2, Semtech Corp (May 2007)},
  year    = {2010}
}

@article{alliance2016lorawan,
  title   = {{LoRaWAN Regional Parameters v1.0.3}},
  author  = {{LoRa Alliance}},
  journal = {LoRa Alliance: Fremont, CA, USA},
  year    = {2018}
}

@article{augustin2016study,
  title     = {A study of LoRa: xLong range \& low power networks for the internet of things},
  author    = {Augustin, Alo{\"y}s and Yi, Jiazi and Clausen, Thomas and Townsley, William},
  journal   = {Sensors},
  volume    = {16},
  number    = {9},
  pages     = {1466},
  year      = {2016},
  publisher = {Multidisciplinary Digital Publishing Institute}
}

@inproceedings{wixted2016evaluation,
  title        = {Evaluation of LoRa and LoRaWAN for wireless sensor networks},
  author       = {Wixted, Andrew J and Kinnaird, Peter and Larijani, Hadi and Tait, Alan and Ahmadinia, Ali and Strachan, Niall},
  booktitle    = {2016 IEEE SENSORS},
  pages        = {1--3},
  year         = {2016},
  organization = {IEEE}
}


@inproceedings{bor2016lora,
  author    = {Bor, Martin and Vidler, John and Roedig, Utz},
  title     = {LoRa for the Internet of Things},
  year      = {2016},
  isbn      = {9780994988607},
  publisher = {Junction Publishing},
  address   = {USA},
  booktitle = {Proceedings of the 2016 International Conference on Embedded Wireless Systems and Networks},
  pages     = {361–366},
  numpages  = {6},
  keywords  = {LoRa, Medium Access Control (MAC), IoT},
  location  = {Graz, Austria},
  series    = {EWSN ’16}
}



@inproceedings{baumgartner2018environmental,
  title        = {Environmental monitoring using low-cost hardware and infrastructureless wireless communication},
  author       = {Baumg{\"a}rtner, Lars and Penning, Alvar and Lampe, Patrick and Richerzhagen, Bj{\"o}rn and Steinmetz, Ralf and Freisleben, Bernd},
  booktitle    = {2018 IEEE Global Humanitarian Technology Conference (GHTC)},
  pages        = {1--8},
  year         = {2018},
  organization = {IEEE}
}

@article{deepak2019OverviewPostDisasterEC,
  author    = {Deepak, D. C. and Ladas, Alexandros and Sambo, Yusuf Abdulrahman and Pervaiz, Haris and Politis, Christos and Imran, Muhammad Ali},
  doi       = {10.1109/MWC.2019.1800467},
  issn      = {15580687},
  journal   = {IEEE Wireless Communications},
  number    = {6},
  pages     = {132--139},
  publisher = {IEEE},
  title     = {An overview of post-disaster emergency communication systems in the future networks},
  volume    = {26},
  year      = {2019}
}

@article{tan2017appsCrisisInformatics,
  author    = {Tan, Marion Lara and Prasanna, Raj and Stock, Kristin and Hudson-Doyle, Emma and Leonard, Graham and Johnston, David},
  doi       = {10.1016/j.ijdrr.2017.06.009},
  issn      = {22124209},
  journal   = {International Journal of Disaster Risk Reduction},
  keywords  = {Crisis informatics,Disaster communication,Disaster management,Mobile applications},
  number    = {November 2016},
  pages     = {297--311},
  publisher = {Elsevier Ltd},
  title     = {Mobile applications in crisis informatics literature: A systematic review},
  url       = {http://dx.doi.org/10.1016/j.ijdrr.2017.06.009},
  volume    = {24},
  year      = {2017}
}

@article{kaufhold2018socialapp,
  author   = {Kaufhold, Marc Andr{\'{e}} and Rupp, Nicola and Reuter, Christian and Amelunxen, Christoph and Cristaldi, Massimo},
  journal  = {26th European Conference on Information Systems: Beyond Digitization - Facets of Socio-Technical Change, ECIS 2018},
  keywords = {Bidirectional Communication,Crisis Management,Mobile Crisis Apps,Social Media},
  title    = {112.Social: Design and evaluation of a mobile crisis app for bidirectional communication between emergency services and citizens},
  year     = {2018}
}


@inproceedings{Sciullo2018locate,
  author    = {Sciullo, Luca and Fossemo, Frederico and Trotta, Angelo and Di Felice, Marco},
  booktitle = {2018 IEEE Global Communications Conference (GLOBECOM)},
  title     = {LOCATE: A LoRa-based mObile emergenCy mAnagement sysTEm},
  year      = {2018},
  month     = {12},
  pages     = {1-7},
  doi       = {10.1109/GLOCOM.2018.8647177},
  issn      = {1930-529X}
}

@article{SCIULLO2020locate,
  title   = {Design and performance evaluation of a LoRa-based mobile emergency management system (LOCATE)},
  journal = {Ad Hoc Networks},
  volume  = {96},
  pages   = {101993},
  year    = {2020},
  issn    = {1570-8705},
  doi     = {https://doi.org/10.1016/j.adhoc.2019.101993},
  url     = {http://www.sciencedirect.com/science/article/pii/S1570870518309004},
  author  = {Sciullo, Luca and Trotta, Angelo and Di Felice, Marco}
}

@inproceedings{Olteanu2013zigbee,
  author    = {Olteanu, Alexandru-Corneliu and Oprina, George-Daniel and Tapus, Nicolae and Zeisberg, Sven},
  booktitle = {2013 19th International Conference on Control Systems and Computer Science},
  title     = {Enabling mobile devices for home automation using ZigBee},
  year      = {2013},
  month     = {5},
  pages     = {189-195},
  doi       = {10.1109/CSCS.2013.63},
  issn      = {2379-0482}
}

%%% LoRa Peer-To-Peer

@article{callebaut2019lora,
  title   = {LoRa physical layer evaluation for point-to-point links and coverage measurements in diverse environments},
  author  = {Callebaut, Gilles and Leenders, Guus and Buyle, Chesney and Crul, Stijn and Van der Perre, Liesbet},
  journal = {arXiv preprint arXiv:1909.08300},
  year    = {2019}
}

%%% DTN

@inproceedings{penning2019dtn7,
  title        = {DTN7: An open-source disruption-tolerant networking implementation of Bundle Protocol 7},
  author       = {Penning, Alvar and Baumg{\"a}rtner, Lars and H{\"o}chst, Jonas and Sterz, Artur and Mezini, Mira and Freisleben, Bernd},
  booktitle    = {International Conference on Ad-Hoc Networks and Wireless},
  pages        = {196--209},
  year         = {2019},
  organization = {Springer}
}

@inproceedings{baumgaertner2016experimental,
  title        = {An experimental evaluation of delay-tolerant networking with Serval},
  author       = {Baumg{\"a}rtner, Lars and Gardner-Stephen, Paul and Graubner, Pablo and Lakeman, Jeremy and H{\"o}chst, Jonas and Lampe, Patrick and Schmidt, Nils and Schulz, Stefan and Sterz, Artur and Freisleben, Bernd},
  booktitle    = {2016 IEEE Global Humanitarian Technology Conference (GHTC)},
  pages        = {70--79},
  year         = {2016},
  organization = {IEEE}
}

@inproceedings{lieser2017architecture,
  title        = {Architecture for responsive emergency communications networks},
  author       = {Lieser, Patrick and Alvarez, Flor and Gardner-Stephen, Paul and Hollick, Matthias and Boehnstedt, Doreen},
  booktitle    = {2017 IEEE Global Humanitarian Technology Conference (GHTC)},
  pages        = {1--9},
  year         = {2017},
  organization = {IEEE}
}

@inproceedings{graubner2018opportunistic,
  title     = {Opportunistic named functions in disruption-tolerant emergency networks},
  author    = {Graubner, Pablo and Lampe, Patrick and H{\"o}chst, Jonas and Baumg{\"a}rtner, Lars and Mezini, Mira and Freisleben, Bernd},
  publisher = {ACM},
  address   = {Ischia, Italy},
  days      = {9},
  month     = may,
  year      = {2018},
  doi       = {10.1145/3203217.3203234},
  booktitle = {ACM International Conference on Computing Frontiers 2018 (ACM CF 2018)}
}

%%% ISCRAM 2019

@inproceedings{lieser2019simulation,
  title     = {Simulation Platform for Unmanned Aerial Systems in Emergency Ad Hoc Networks},
  author    = {Lieser, Patrick and Zobel, Julian and Richerzhagen, Bj{\"o}rn and Steinmetz, Ralf},
  booktitle = {Proceedings of the 16th International Conference on Information Systems for Crisis Response and Management (ISCRAM)},
  year      = {2019}
}


%%% Other


%%% Other ICT
@article{cianca2011ehf,
  title     = {EHF for satellite communications: The new broadband frontier},
  author    = {Cianca, Ernestina and Rossi, Tommaso and Yahalom, Asher and Pinhasi, Yosef and Farserotu, John and Sacchi, Claudio},
  journal   = {Proceedings of the IEEE},
  volume    = {99},
  number    = {11},
  pages     = {1858--1881},
  year      = {2011},
  publisher = {IEEE}
}

@article{harris2018tech,
  title     = {Tech giants race to build orbital internet [News]},
  author    = {Harris, Mark},
  journal   = {IEEE Spectrum},
  volume    = {55},
  number    = {6},
  pages     = {10--11},
  year      = {2018},
  publisher = {IEEE}
}

% https://hackaday.io/project/164242-skrypt


@article{kayisire2016ict,
  title     = {ICT adoption and usage in Africa: Towards an efficiency assessment},
  author    = {Kayisire, David and Wei, Jiuchang},
  journal   = {Information Technology for Development},
  volume    = {22},
  number    = {4},
  pages     = {630--653},
  year      = {2016},
  publisher = {Taylor \& Francis}
}

@article{manoj2007communication,
  title     = {Communication challenges in emergency response},
  author    = {Manoj, Balakrishan S and Baker, Alexandra Hubenko},
  journal   = {Communications of the ACM},
  volume    = {50},
  number    = {3},
  pages     = {51--53},
  year      = {2007},
  publisher = {ACM New York, NY, USA}
}

@inproceedings{liu2015performance,
  title     = {Performance and energy consumption analysis of a delay-tolerant network for censorship-resistant communication},
  author    = {Liu, Yue and Bild, David R and Adrian, David and Singh, Gulshan and Dick, Robert P and Wallach, Dan S and Mao, Z Morley},
  booktitle = {Proceedings of the 16th ACM International Symposium on Mobile Ad Hoc Networking and Computing},
  pages     = {257--266},
  year      = {2015}
}

@article{gardner2011serval,
  title   = {The serval project: Practical wireless ad-hoc mobile telecommunications},
  author  = {Gardner-Stephen, Paul},
  journal = {Flinders University, Adelaide, South Australia, Tech. Rep},
  year    = {2011}
}

@article{elijah2018overview,
  title     = {An overview of Internet of Things (IoT) and data analytics in agriculture: Benefits and challenges},
  author    = {Elijah, Olakunle and Rahman, Tharek Abdul and Orikumhi, Igbafe and Leow, Chee Yen and Hindia, MHD Nour},
  journal   = {IEEE Internet of Things Journal},
  volume    = {5},
  number    = {5},
  pages     = {3758--3773},
  year      = {2018},
  publisher = {IEEE}
}
